<record><leader>00000cas a2200000Ia 4500</leader><controlfield tag="001">37041101</controlfield><controlfield tag="008">970610c19109999vauwr ne      0    0eng d</controlfield><datafield ind1=" " ind2=" " tag="010"><subfield code="a">sn 97066009 </subfield></datafield><datafield ind1=" " ind2=" " tag="040"><subfield code="a">VIC</subfield><subfield code="b">eng</subfield><subfield code="c">VIC</subfield><subfield code="d">NVK</subfield><subfield code="d">OCLCQ</subfield><subfield code="d">OCLCF</subfield><subfield code="d">OCLCO</subfield></datafield><datafield ind1=" " ind2=" " tag="043"><subfield code="a">n-us-va</subfield></datafield><datafield ind1="0" ind2=" " tag="130"><subfield code="a">Enterprise (Stuart, Va.)</subfield></datafield><datafield ind1="1" ind2="4" tag="245"><subfield code="a">The Enterprise.</subfield></datafield><datafield ind1=" " ind2=" " tag="260"><subfield code="a">Stuart, Va. :</subfield><subfield code="b">W.G. Hylton</subfield></datafield><datafield ind1=" " ind2=" " tag="300"><subfield code="a">v. :</subfield><subfield code="b">ill. ;</subfield><subfield code="c">58 cm.</subfield></datafield><datafield ind1=" " ind2=" " tag="310"><subfield code="a">Weekly (every Wed.)</subfield></datafield><datafield ind1="1" ind2=" " tag="362"><subfield code="a">Began in 1910.</subfield></datafield><datafield ind1=" " ind2=" " tag="530"><subfield code="a">Available on microfilm from UMI; and from Preservation Resources.</subfield></datafield><datafield ind1=" " ind2=" " tag="580"><subfield code="a">The Enterprise (Stuart, Va.) absorbed the Observer (Stuart, Va.) Sept. 1, 1953.</subfield></datafield><datafield ind1=" " ind2=" " tag="588"><subfield code="a">Description based on: Vol. 25, no. 2 (Jan. 13, 1910).</subfield></datafield><datafield ind1=" " ind2="0" tag="651"><subfield code="a">Patrick County (Va.)</subfield><subfield code="v">Newspapers.</subfield></datafield><datafield ind1=" " ind2="0" tag="651"><subfield code="a">Stuart (Va.)</subfield><subfield code="v">Newspapers.</subfield></datafield><datafield ind1=" " ind2="7" tag="655"><subfield code="a">Newspapers.</subfield><subfield code="2">fast</subfield><subfield code="0">(OCoLC)fst01423814</subfield></datafield><datafield ind1=" " ind2="7" tag="651"><subfield code="a">Virginia</subfield><subfield code="z">Patrick County.</subfield><subfield code="2">fast</subfield><subfield code="0">(OCoLC)fst01222304</subfield></datafield><datafield ind1=" " ind2="7" tag="651"><subfield code="a">Virginia</subfield><subfield code="z">Stuart.</subfield><subfield code="2">fast</subfield><subfield code="0">(OCoLC)fst01222437</subfield></datafield><datafield ind1=" " ind2=" " tag="752"><subfield code="a">United States</subfield><subfield code="b">Virginia</subfield><subfield code="c">Patrick</subfield><subfield code="d">Stuart.</subfield></datafield><datafield ind1="0" ind2="0" tag="780"><subfield code="t">Stuart observer</subfield><subfield code="w">(DLC)sn 95079063</subfield></datafield><datafield ind1="1" ind2="5" tag="780"><subfield code="t">Observer (Stuart, Va.)</subfield><subfield code="w">(DLC)sn 00064735</subfield></datafield></record>